<?xml version="1.0" encoding="UTF-8"?><collection xmlns="http://www.loc.gov/MARC21/slim"><record><leader>00658nam--2200181-i-4500</leader><controlfield tag="001">000029454</controlfield><controlfield tag="002">20161230</controlfield><controlfield tag="005">20161230201037</controlfield><controlfield tag="008">060222s1000------------r-----000-0-eng-d</controlfield><datafield ind1=" " ind2=" " tag="040"><subfield code="a">IFIN-HH</subfield></datafield><datafield ind1=" " ind2=" " tag="080"><subfield code="a">539.17.02:546.29(083)</subfield></datafield><datafield ind1="1" ind2=" " tag="100"><subfield code="a">Laborie, P</subfield></datafield><datafield ind1="1" ind2="0" tag="245"><subfield code="a">Tables de sections efficaces electroniques et coefficients macroscopiques 1-hydrogene et gaz rares electronic cross-sections and macroscopic coeficients 1-hydrogen and rare gases</subfield><subfield code="b">Preface de j.l. delcroix, j.d. craggs</subfield><subfield code="c">P. laboire, j.m. rocard, j.a. rees</subfield></datafield><datafield ind1=" " ind2=" " tag="260"><subfield code="a">Paris</subfield><subfield code="b">Dunod</subfield><subfield code="c">1968</subfield></datafield><datafield ind1=" " ind2=" " tag="300"><subfield code="a">199P</subfield></datafield><datafield ind1="1" ind2=" " tag="700"><subfield code="a">Rees, J.A</subfield></datafield><datafield ind1=" " ind2=" " tag="852"><subfield code="a">30734</subfield><subfield code="c">539.17</subfield></datafield><datafield ind1=" " ind2=" " tag="CAT"><subfield code="a">Sys</subfield><subfield code="c">20120606</subfield><subfield code="h">144312</subfield></datafield></record></collection>